<?xml version="1.0" encoding="UTF-8"?>
<record>
  <leader>01006nam#a2200325#c#4500</leader>
  <controlfield tag="003">DE-605</controlfield>
  <controlfield tag="005">20230803150347.0</controlfield>
  <controlfield tag="007">tu</controlfield>
  <controlfield tag="008">990510|1972####xxu###########|||#||eng#c</controlfield>
  <controlfield tag="001">990014830510206441</controlfield>
  <datafield tag="016" ind1="7" ind2=" ">
    <subfield code="a">1067416031</subfield>
    <subfield code="2">OCoLC</subfield>
  </datafield>
  <datafield tag="020" ind1=" " ind2=" ">
    <subfield code="a">0405039204</subfield>
    <subfield code="9">0-405-03920-4</subfield>
  </datafield>
  <datafield tag="035" ind1=" " ind2=" ">
    <subfield code="a">(DE-605)HT003864492</subfield>
  </datafield>
  <datafield tag="040" ind1=" " ind2=" ">
    <subfield code="a">465</subfield>
    <subfield code="b">ger</subfield>
    <subfield code="e">rakwb</subfield>
  </datafield>
  <datafield tag="041" ind1=" " ind2=" ">
    <subfield code="a">eng</subfield>
  </datafield>
  <datafield tag="044" ind1=" " ind2=" ">
    <subfield code="c">XD-US</subfield>
  </datafield>
  <datafield tag="100" ind1="1" ind2=" ">
    <subfield code="a">Huff, Theodore</subfield>
    <subfield code="4">aut</subfield>
  </datafield>
  <datafield tag="245" ind1="1" ind2="0">
    <subfield code="a">Charlie Chaplin</subfield>
    <subfield code="c">Theodore Huff</subfield>
  </datafield>
  <datafield tag="250" ind1=" " ind2=" ">
    <subfield code="a">Reprint ed. [d. Ausg.] New York, Schuman, 1951</subfield>
  </datafield>
  <datafield tag="264" ind1=" " ind2="1">
    <subfield code="a">New York</subfield>
    <subfield code="b">Arno Press [u.a.]</subfield>
    <subfield code="c">1972</subfield>
  </datafield>
  <datafield tag="300" ind1=" " ind2=" ">
    <subfield code="a">354 S. : Ill.</subfield>
  </datafield>
  <datafield tag="689" ind1="0" ind2="0">
    <subfield code="a">Chaplin, Charlie</subfield>
    <subfield code="d">1889-1977</subfield>
    <subfield code="D">p</subfield>
    <subfield code="0">(DE-588)118520113</subfield>
    <subfield code="0">https://portal.dnb.de/opac.htm?method=simpleSearch&amp;cqlMode=true&amp;query=idn=118520113</subfield>
    <subfield code="0">http://viaf.org/viaf/sourceID/DNB|118520113</subfield>
  </datafield>
  <datafield tag="689" ind1="1" ind2="0">
    <subfield code="a">Chaplin, Charlie</subfield>
    <subfield code="d">1889-1977</subfield>
    <subfield code="D">p</subfield>
    <subfield code="0">(DE-588)118520113</subfield>
    <subfield code="0">https://portal.dnb.de/opac.htm?method=simpleSearch&amp;cqlMode=true&amp;query=idn=118520113</subfield>
    <subfield code="0">http://viaf.org/viaf/sourceID/DNB|118520113</subfield>
  </datafield>
  <datafield tag="035" ind1=" " ind2=" ">
    <subfield code="a">(OCoLC)1067416031</subfield>
  </datafield>
  <datafield tag="964" ind1="0" ind2="s">
    <subfield code="F">030</subfield>
    <subfield code="A">a|1uc||||||17</subfield>
  </datafield>
  <datafield tag="964" ind1="0" ind2="s">
    <subfield code="F">050</subfield>
    <subfield code="A">a|||||||||||||</subfield>
  </datafield>
  <datafield tag="964" ind1="0" ind2="s">
    <subfield code="F">051</subfield>
    <subfield code="A">mh||||||</subfield>
  </datafield>
  <datafield tag="655" ind1=" " ind2="7">
    <subfield code="a">Biografie</subfield>
    <subfield code="0">(DE-588)4006804-3</subfield>
    <subfield code="2">gnd-content</subfield>
  </datafield>
  <datafield tag="655" ind1=" " ind2="7">
    <subfield code="a">Bildband</subfield>
    <subfield code="0">(DE-588)4145395-5</subfield>
    <subfield code="2">gnd-content</subfield>
  </datafield>
  <datafield tag="035" ind1=" " ind2=" ">
    <subfield code="a">(DE-599)HBZHT003864492</subfield>
  </datafield>
  <datafield tag="MBD" ind1=" " ind2=" ">
    <subfield code="M">49HBZ_NETWORK</subfield>
    <subfield code="i">990014830510206441</subfield>
    <subfield code="n">HBZ Network</subfield>
  </datafield>
  <datafield tag="MBD" ind1=" " ind2=" ">
    <subfield code="M">49HBZ_UBT</subfield>
    <subfield code="i">990005658250106470</subfield>
    <subfield code="n">UB Trier</subfield>
  </datafield>
  <datafield tag="MBD" ind1=" " ind2=" ">
    <subfield code="M">49HBZ_ULB</subfield>
    <subfield code="i">991035106899706467</subfield>
    <subfield code="n">Universitaet Bonn</subfield>
  </datafield>
  <datafield tag="MBD" ind1=" " ind2=" ">
    <subfield code="M">49HBZ_UDE</subfield>
    <subfield code="i">990006214170206446</subfield>
    <subfield code="n">Universität Duisburg-Essen</subfield>
  </datafield>
  <datafield tag="MNG" ind1=" " ind2=" ">
    <subfield code="c">System</subfield>
    <subfield code="f">ILS</subfield>
    <subfield code="i">marc21</subfield>
    <subfield code="k">01</subfield>
    <subfield code="e">false</subfield>
    <subfield code="d">2023-08-10 08:58:29 Europe/Berlin</subfield>
    <subfield code="g">001483051-HBZ01</subfield>
    <subfield code="j">60</subfield>
    <subfield code="a">import</subfield>
    <subfield code="b">2021-04-05 22:18:19 Europe/Berlin</subfield>
  </datafield>
  <datafield tag="H52" ind1="8" ind2=" ">
    <subfield code="b">T0011</subfield>
    <subfield code="c">21</subfield>
    <subfield code="h">MOC.C464/me2295</subfield>
    <subfield code="8">22291734280006470</subfield>
  </datafield>
  <datafield tag="HOL" ind1=" " ind2=" ">
    <subfield code="b">2023-08-13 17:22:08</subfield>
    <subfield code="8">22291734280006470</subfield>
    <subfield code="M">49HBZ_UBT</subfield>
    <subfield code="g">false</subfield>
    <subfield code="a">import</subfield>
  </datafield>
  <datafield tag="H52" ind1="8" ind2="1">
    <subfield code="b">T0011</subfield>
    <subfield code="c">UNASSIGNED</subfield>
    <subfield code="8">22291734190006470</subfield>
  </datafield>
  <datafield tag="HOL" ind1=" " ind2=" ">
    <subfield code="b">2023-08-13 17:22:08</subfield>
    <subfield code="8">22291734190006470</subfield>
    <subfield code="M">49HBZ_UBT</subfield>
    <subfield code="g">false</subfield>
    <subfield code="a">import</subfield>
  </datafield>
  <datafield tag="ITM" ind1=" " ind2=" ">
    <subfield code="H">22291734280006470</subfield>
    <subfield code="x">21</subfield>
    <subfield code="f">BOOK</subfield>
    <subfield code="v">21</subfield>
    <subfield code="p">20</subfield>
    <subfield code="X">System</subfield>
    <subfield code="U">1999-04-15 12:59:00 Europe/Berlin</subfield>
    <subfield code="Y">2023-08-13 19:23:44 Europe/Berlin</subfield>
    <subfield code="h">false</subfield>
    <subfield code="n">MOC.C464/me2295</subfield>
    <subfield code="P">17///</subfield>
    <subfield code="M">49HBZ_UBT</subfield>
    <subfield code="s">1</subfield>
    <subfield code="d">8</subfield>
    <subfield code="V">import</subfield>
    <subfield code="b">0017.4679.62</subfield>
    <subfield code="a">23291734220006470</subfield>
    <subfield code="t">8</subfield>
    <subfield code="R">Maintenance count: 002</subfield>
    <subfield code="c">MOC.C464/me2295</subfield>
    <subfield code="B">99-1055</subfield>
    <subfield code="D">20000217</subfield>
    <subfield code="W">1999-04-15 02:00:00 Europe/Berlin</subfield>
    <subfield code="u">T0011</subfield>
    <subfield code="w">T0011</subfield>
  </datafield>
  <datafield tag="H52" ind1="#" ind2=" ">
    <subfield code="b">SM</subfield>
    <subfield code="c">SM-Frei</subfield>
    <subfield code="h">AP 51081 H889</subfield>
    <subfield code="8">22241836250006467</subfield>
  </datafield>
  <datafield tag="HOL" ind1=" " ind2=" ">
    <subfield code="b">2023-07-24 07:50:37</subfield>
    <subfield code="8">22241836250006467</subfield>
    <subfield code="M">49HBZ_ULB</subfield>
    <subfield code="g">false</subfield>
    <subfield code="a">import</subfield>
  </datafield>
  <datafield tag="ITM" ind1=" " ind2=" ">
    <subfield code="H">22241836250006467</subfield>
    <subfield code="x">SM-Frei</subfield>
    <subfield code="f">BOOK</subfield>
    <subfield code="v">SM-Frei</subfield>
    <subfield code="X">AMO_TL2_FIX</subfield>
    <subfield code="U">2023-07-23 12:59:00 Europe/Berlin</subfield>
    <subfield code="Y">2023-07-25 08:01:39 Europe/Berlin</subfield>
    <subfield code="h">false</subfield>
    <subfield code="n">AP 51081 H889</subfield>
    <subfield code="G">1</subfield>
    <subfield code="M">49HBZ_ULB</subfield>
    <subfield code="s">1</subfield>
    <subfield code="d">#</subfield>
    <subfield code="V">import</subfield>
    <subfield code="L">T 1375.2008</subfield>
    <subfield code="b">SK-201407</subfield>
    <subfield code="O">SISIS-Ausleihzähler Migrationsjahr: 0 | SISIS-Ausleihzähler Vor-Migrationsjahr: 0 | SISIS-Ausleihzähler vorletztes Migrationsjahr: 0 | SISIS-Vormerkzähler Migrationsjahr: 0 | SISIS-Buchdaten-Aufnahmedatum: 2009-08-06</subfield>
    <subfield code="N">SISIS-ULBSystematik: 0 | SISIS-Magazindrucker: 0 | SISIS-Fernleihkonditionen: 3 | SISIS-Medientyp: 0 | Sigel: 5/58 | SISIS-Entleihbarkeit: X | SISIS-Zweigstelle: 42</subfield>
    <subfield code="a">23241836240006467</subfield>
    <subfield code="c">AP 51081 H889</subfield>
    <subfield code="W">2023-07-24 09:50:37 Europe/Berlin</subfield>
    <subfield code="u">SM</subfield>
    <subfield code="w">SM</subfield>
  </datafield>
  <datafield tag="H52" ind1="8" ind2=" ">
    <subfield code="b">E0001</subfield>
    <subfield code="c">E07IM</subfield>
    <subfield code="h"> KNLC1469 </subfield>
    <subfield code="8">22382608050006446</subfield>
  </datafield>
  <datafield tag="HOL" ind1=" " ind2=" ">
    <subfield code="d">2023-01-18 09:27:27</subfield>
    <subfield code="8">22382608050006446</subfield>
    <subfield code="b">2021-04-15 16:41:20</subfield>
    <subfield code="M">49HBZ_UDE</subfield>
    <subfield code="g">false</subfield>
    <subfield code="a">import</subfield>
    <subfield code="c">System</subfield>
  </datafield>
  <datafield tag="ITM" ind1=" " ind2=" ">
    <subfield code="H">22382608050006446</subfield>
    <subfield code="x">E07IM</subfield>
    <subfield code="f">BOOK</subfield>
    <subfield code="v">E07IM</subfield>
    <subfield code="X">System</subfield>
    <subfield code="U">1991-08-20 12:59:00 Europe/Berlin</subfield>
    <subfield code="Y">2023-01-18 10:27:29 Europe/Berlin</subfield>
    <subfield code="h">false</subfield>
    <subfield code="n">KNLC1469</subfield>
    <subfield code="M">49HBZ_UDE</subfield>
    <subfield code="s">1</subfield>
    <subfield code="d">8</subfield>
    <subfield code="V">import</subfield>
    <subfield code="b">KNLC1469</subfield>
    <subfield code="a">23382608040006446</subfield>
    <subfield code="t">8</subfield>
    <subfield code="c">KNLC1469</subfield>
    <subfield code="B">8297/91</subfield>
    <subfield code="D">20000217</subfield>
    <subfield code="W">1991-08-20 02:00:00 Europe/Berlin</subfield>
    <subfield code="u">E0001</subfield>
    <subfield code="w">E0001</subfield>
  </datafield>
  <datafield tag="GPN" ind1="1" ind2=" ">
    <subfield code="a">Chaplin, Charles S.</subfield>
    <subfield code="d">1889-1977</subfield>
    <subfield code="A">GND</subfield>
    <subfield code="B">GND-118520113</subfield>
    <subfield code="C">400</subfield>
  </datafield>
  <datafield tag="GPN" ind1="1" ind2=" ">
    <subfield code="a">Spencer Chaplin, Charles</subfield>
    <subfield code="d">1889-1977</subfield>
    <subfield code="A">GND</subfield>
    <subfield code="B">GND-118520113</subfield>
    <subfield code="C">400</subfield>
  </datafield>
  <datafield tag="GPN" ind1="1" ind2=" ">
    <subfield code="a">Chaplin, Charly</subfield>
    <subfield code="d">1889-1977</subfield>
    <subfield code="A">GND</subfield>
    <subfield code="B">GND-118520113</subfield>
    <subfield code="C">400</subfield>
  </datafield>
  <datafield tag="GPN" ind1="0" ind2=" ">
    <subfield code="a">Zhuobielin</subfield>
    <subfield code="d">1889-1977</subfield>
    <subfield code="A">GND</subfield>
    <subfield code="B">GND-118520113</subfield>
    <subfield code="C">400</subfield>
  </datafield>
  <datafield tag="GPN" ind1="1" ind2=" ">
    <subfield code="a">Tsaplin, Tsarl Spenser</subfield>
    <subfield code="d">1889-1977</subfield>
    <subfield code="A">GND</subfield>
    <subfield code="B">GND-118520113</subfield>
    <subfield code="C">400</subfield>
  </datafield>
  <datafield tag="GPN" ind1="0" ind2=" ">
    <subfield code="a">Sarlō</subfield>
    <subfield code="d">1889-1977</subfield>
    <subfield code="A">GND</subfield>
    <subfield code="B">GND-118520113</subfield>
    <subfield code="C">400</subfield>
  </datafield>
  <datafield tag="GPN" ind1="0" ind2=" ">
    <subfield code="a">Charlot</subfield>
    <subfield code="d">1889-1977</subfield>
    <subfield code="A">GND</subfield>
    <subfield code="B">GND-118520113</subfield>
    <subfield code="C">400</subfield>
  </datafield>
  <datafield tag="GPN" ind1="1" ind2=" ">
    <subfield code="a">Sa-plin, Sác-li</subfield>
    <subfield code="d">1889-1977</subfield>
    <subfield code="A">GND</subfield>
    <subfield code="B">GND-118520113</subfield>
    <subfield code="C">400</subfield>
  </datafield>
  <datafield tag="GPN" ind1="0" ind2=" ">
    <subfield code="a">Sac-lô</subfield>
    <subfield code="d">1889-1977</subfield>
    <subfield code="A">GND</subfield>
    <subfield code="B">GND-118520113</subfield>
    <subfield code="C">400</subfield>
  </datafield>
  <datafield tag="GPN" ind1="1" ind2=" ">
    <subfield code="a">Cāplin, Cārlī</subfield>
    <subfield code="d">1889-1977</subfield>
    <subfield code="A">GND</subfield>
    <subfield code="B">GND-118520113</subfield>
    <subfield code="C">400</subfield>
  </datafield>
  <datafield tag="GPN" ind1="1" ind2=" ">
    <subfield code="a">Čaplin, Č'arlz</subfield>
    <subfield code="d">1889-1977</subfield>
    <subfield code="A">GND</subfield>
    <subfield code="B">GND-118520113</subfield>
    <subfield code="C">400</subfield>
  </datafield>
  <datafield tag="GPN" ind1="1" ind2=" ">
    <subfield code="a">Chaplin, Charles Spencer</subfield>
    <subfield code="d">1889-1977</subfield>
    <subfield code="4">nawi</subfield>
    <subfield code="i">Wirklicher Name</subfield>
    <subfield code="A">GND</subfield>
    <subfield code="B">GND-118520113</subfield>
    <subfield code="C">400</subfield>
  </datafield>
  <datafield tag="GPN" ind1="1" ind2=" ">
    <subfield code="a">Chaplin, Charles</subfield>
    <subfield code="d">1889-1977</subfield>
    <subfield code="A">GND</subfield>
    <subfield code="B">GND-118520113</subfield>
    <subfield code="C">400</subfield>
  </datafield>
  <datafield tag="GPN" ind1="1" ind2=" ">
    <subfield code="a">Čaplin, Čarl'z Spenser</subfield>
    <subfield code="d">1889-1977</subfield>
    <subfield code="9">v:russ. Namensform</subfield>
    <subfield code="A">GND</subfield>
    <subfield code="B">GND-118520113</subfield>
    <subfield code="C">400</subfield>
  </datafield>
  <datafield tag="GPN" ind1="1" ind2=" ">
    <subfield code="a">Spencer-Chaplin, Charles</subfield>
    <subfield code="d">1889-1977</subfield>
    <subfield code="A">GND</subfield>
    <subfield code="B">GND-118520113</subfield>
    <subfield code="C">400</subfield>
  </datafield>
  <datafield tag="GPN" ind1="1" ind2=" ">
    <subfield code="9">U:Cyrl</subfield>
    <subfield code="a">Чаплин, Чарльз</subfield>
    <subfield code="d">1889-1977</subfield>
    <subfield code="A">GND</subfield>
    <subfield code="B">GND-118520113</subfield>
    <subfield code="C">400</subfield>
  </datafield>
  <datafield tag="GSI" ind1="7" ind2=" ">
    <subfield code="a">118520113</subfield>
    <subfield code="0">http://d-nb.info/gnd/118520113</subfield>
    <subfield code="2">gnd</subfield>
    <subfield code="A">GND</subfield>
    <subfield code="B">GND-118520113</subfield>
    <subfield code="C">024</subfield>
  </datafield>
  <datafield tag="GSI" ind1="7" ind2=" ">
    <subfield code="a">n79126907</subfield>
    <subfield code="2">lccn</subfield>
    <subfield code="A">GND</subfield>
    <subfield code="B">GND-118520113</subfield>
    <subfield code="C">024</subfield>
  </datafield>
  <datafield tag="GSI" ind1="7" ind2=" ">
    <subfield code="a">14767533</subfield>
    <subfield code="2">viaf</subfield>
    <subfield code="A">GND</subfield>
    <subfield code="B">GND-118520113</subfield>
    <subfield code="C">024</subfield>
  </datafield>
</record>
